@inproceedings{greene06icml,
  author    = {Derek Greene and P\'{a}draig Cunningham},
  booktitle = {Proc. 23rd International Conference on Machine learning (ICML'06)},
  pages     = {377-384},
  publisher = {ACM Press},
  title     = {Practical Solutions to the Problem of Diagonal Dominance in Kernel Document Clustering},
  year      = {2006}
}

@article{ayesha_hanif_talib_2020,
  title   = {Overview and comparative study of dimensionality reduction techniques for high dimensional data},
  volume  = {59},
  doi     = {10.1016/j.inffus.2020.01.005},
  journal = {Information Fusion},
  author  = {Ayesha, Shaeela and Hanif, Muhammad K. and Talib, Ramzan},
  year    = {2020},
  month   = {07},
  pages   = {44-58}
} 

@inbook{eisenstein_2019,
  place     = {Cambridge, MA},
  title     = {Introduction},
  booktitle = {Introduction to natural language processing},
  publisher = {The MIT Press},
  author    = {Eisenstein, Jacob},
  year      = {2019},
  pages     = {1-12}
} 

@inbook{eisenstein_2019_2,
  place     = {Cambridge, MA},
  title     = {Linguistic applications of
               classification},
  booktitle = {Introduction to natural language processing},
  publisher = {The MIT Press},
  author    = {Eisenstein, Jacob},
  year      = {2019},
  pages     = {79-80}
} 

@inbook{buehlmann_peter_van_de_geer_2013,
  place     = {New York, NY},
  title     = {Preface},
  booktitle = {Statistics for high-dimensional data: Methods, theory and applications},
  publisher = {Springer},
  author    = {Buehlmann, Peter and van de Geer, Sara},
  year      = {2013},
  pages     = {8}
} 

@inproceedings{another_look,
  author    = {Allison, Ben
               and Guthrie, David
               and Guthrie, Louise},
  editor    = {Sojka, Petr
               and Kope{\v{c}}ek, Ivan
               and Pala, Karel},
  title     = {Another Look at the Data Sparsity Problem},
  booktitle = {Text, Speech and Dialogue},
  year      = {2006},
  publisher = {Springer Berlin Heidelberg},
  address   = {Berlin, Heidelberg},
  pages     = {327-334},
  isbn      = {978-3-540-39091-6}
}

@misc{stopwordsiso,
  author       = {Gene Diaz and Arthit Suriyawongkul},
  title        = {stopwordsiso},
  howpublished = {\url{https://pypi.org/project/stopwordsiso/}},
  year         = {2020}
}

@book{10.5555/1593511,
  author    = {Van Rossum, Guido and Drake, Fred L.},
  title     = {Python 3 Reference Manual},
  year      = {2009},
  isbn      = {1441412697},
  publisher = {CreateSpace},
  address   = {Scotts Valley, CA}
}

@inproceedings{mckinney2010data,
  title        = {Data structures for statistical computing in python},
  author       = {McKinney, Wes and others},
  booktitle    = {Proceedings of the 9th Python in Science Conference},
  volume       = {445},
  pages        = {51-56},
  year         = {2010},
  organization = {Austin, TX}
}

@inbook{manning_raghavan_schütze_2009,
  place     = {New York, NY},
  title     = {The term vocabulary and postings lists},
  booktitle = {Introduction to information retrieval},
  publisher = {Cambridge University Press},
  author    = {Manning, Christopher D. and Raghavan, Prabhakar and Schütze, Hinrich},
  year      = {2009},
  pages     = {27-29}
} 
@inbook{manning_raghavan_schütze_2009_stem_lem,
  place     = {New York, NY},
  title     = {Stemming and lemmatization},
  booktitle = {Introduction to information retrieval},
  publisher = {Cambridge University Press},
  author    = {Manning, Christopher D. and Raghavan, Prabhakar and Schütze, Hinrich},
  year      = {2009},
  pages     = {32-35}
} 

@inbook{manning_raghavan_schütze_2009_tf,
  place     = {New York, NY},
  title     = {Scoring, term weighting and the vector space model},
  booktitle = {Introduction to information retrieval},
  publisher = {Cambridge University Press},
  author    = {Manning, Christopher D. and Raghavan, Prabhakar and Schütze, Hinrich},
  year      = {2009},
  pages     = {117-119}
} 

@article{oesper2011wordcloud,
  title     = {WordCloud: a Cytoscape plugin to create a visual semantic summary of networks},
  author    = {Oesper, Layla and Merico, Daniele and Isserlin, Ruth and Bader, Gary D},
  journal   = {Source code for biology and medicine},
  volume    = {6},
  number    = {1},
  pages     = {7},
  year      = {2011},
  publisher = {Springer}
}

@book{bird2009natural,
  title     = {Natural language processing with Python: analyzing text with the natural language toolkit},
  author    = {Bird, Steven and Klein, Ewan and Loper, Edward},
  year      = {2009},
  publisher = {" O'Reilly Media, Inc."}
}

@book{bird2009natural_lem,
  booktitle = {Natural language processing with Python: analyzing text with the natural language toolkit},
  title     = {Normalizing Text},
  author    = {Bird, Steven and Klein, Ewan and Loper, Edward},
  year      = {2009},
  publisher = {" O'Reilly Media, Inc."},
  pages     = {107-108}
}

@article{pedregosa2011scikit,
  title   = {Scikit-learn: Machine learning in Python},
  author  = {Pedregosa, Fabian and Varoquaux, Ga{\"e}l and Gramfort, Alexandre and Michel, Vincent and Thirion, Bertrand and Grisel, Olivier and Blondel, Mathieu and Prettenhofer, Peter and Weiss, Ron and Dubourg, Vincent and others},
  journal = {Journal of machine learning research},
  volume  = {12},
  number  = {Oct},
  pages   = {2825-2830},
  year    = {2011}
}

@inproceedings{10.1007/978-3-031-08337-2_25,
  author    = {Akritidis, Leonidas
               and Bozanis, Panayiotis},
  editor    = {Maglogiannis, Ilias
               and Iliadis, Lazaros
               and Macintyre, John
               and Cortez, Paulo},
  title     = {How Dimensionality Reduction Affects Sentiment Analysis NLP Tasks: An Experimental Study},
  booktitle = {Artificial Intelligence Applications and Innovations},
  year      = {2022},
  publisher = {Springer International Publishing},
  address   = {Cham},
  pages     = {301-312},
  isbn      = {978-3-031-08337-2}
}

@inproceedings{torkkola2001linear,
  title     = {Linear discriminant analysis in document classification},
  author    = {Torkkola, Kari},
  booktitle = {IEEE ICDM workshop on text mining},
  volume    = {29},
  year      = {2001}
}

@article{abuzeina2018employing,
  title     = {Employing fisher discriminant analysis for Arabic text classification},
  author    = {AbuZeina, Dia and Al-Anzi, Fawaz S},
  journal   = {Computers \& Electrical Engineering},
  volume    = {66},
  pages     = {474-486},
  year      = {2018},
  publisher = {Elsevier}
}

@inproceedings{8780129,
  author    = {Xie, Lin and Liu, Genggeng and Lian, Hongfei},
  booktitle = {2019 IEEE International Conference on Industrial Cyber Physical Systems (ICPS)},
  title     = {Deep variational auto-encoder for text classification},
  year      = {2019},
  volume    = {},
  number    = {},
  pages     = {737-742},
  doi       = {10.1109/ICPHYS.2019.8780129}
}

@inproceedings{10.1007/978-3-319-59888-8_32,
  author    = {Alkhatib, Wael
               and Rensing, Christoph
               and Silberbauer, Johannes},
  title     = {Multi-label Text Classification Using Semantic Features and Dimensionality Reduction with Autoencoders},
  booktitle = {Language, Data, and Knowledge},
  year      = {2017},
  publisher = {Springer International Publishing},
  address   = {Cham},
  pages     = {380--394}
}

@inproceedings{8791727,
  author    = {Fournier, Quentin and Aloise, Daniel},
  booktitle = {2019 IEEE Second International Conference on Artificial Intelligence and Knowledge Engineering (AIKE)},
  title     = {Empirical Comparison between Autoencoders and Traditional Dimensionality Reduction Methods},
  year      = {2019},
  volume    = {},
  number    = {},
  pages     = {211-214},
  doi       = {10.1109/AIKE.2019.00044}
}

@article{dumais_2005,
  title   = {Latent semantic analysis},
  volume  = {38},
  doi     = {10.1002/aris.1440380105},
  number  = {1},
  journal = {Annual Review of Information Science and Technology},
  author  = {Dumais, Susan T.},
  year    = {2005},
  pages   = {188-230}
} 

@misc{Sumedha_2018,
  title        = {SVD, SVD applications to LSA,
                  non-negative matrix
                  factorizations},
  author       = {Singla, Sumedha},
  year         = {2018},
  note         = {PowerPoint presentation},
  howpublished = {\url{https://people.cs.pitt.edu/~milos/courses/cs3750/lectures/class10.pdf}}
}

@misc{Chen_g_2020,
  title        = {Linear Discriminant Analysis (LDA)},
  author       = {Chen, Guangliang},
  year         = {2020},
  note         = {PowerPoint presentation},
  howpublished = {\url{https://www.sjsu.edu/faculty/guangliang.chen/Math253S20/lec11lda.pdf}}
}

@misc{Sigal_2017,
  title        = {Topics in AI (CPSC 532L):
                  Multimodal Learning with Vision, Language and Sound},
  author       = {Sigal, Leonid},
  year         = {2017},
  note         = {PowerPoint presentation},
  howpublished = {\url{https://www.cs.ubc.ca/~lsigal/532L/Lecture9.pdf}}
}

 @misc{stewart_2023,
  title     = {Comprehensive introduction to autoencoders},
  url       = {https://towardsdatascience.com/generating-images-with-autoencoders-77fd3a8dd368},
  journal   = {Medium},
  publisher = {Towards Data Science},
  author    = {Stewart, Matthew},
  year      = {2023},
  month     = {Feb}
} 
 
@misc{raschka_2014,
  title     = {Linear discriminant analysis},
  url       = {https://sebastianraschka.com/Articles/2014_python_lda.html},
  journal   = {Sebastian Raschka},
  publisher = {Ahead of AI},
  author    = {Raschka, Sebastian},
  year      = {2014},
  month     = {8}
} 

@inbook{hastie_friedman_tisbshirani_2017,
  place     = {New York, NY},
  title     = {Linear Discriminant Analysis},
  booktitle = {The elements of Statistical Learning: Data Mining, Inference, and prediction},
  publisher = {Springer},
  author    = {Hastie, Trevor and Friedman, Jerome and Tisbshirani, Robert},
  year      = {2017},
  pages     = {106-119}
} 

@inbook{hastie_friedman_tisbshirani_2017_nn,
  place     = {New York, NY},
  title     = {Neural Networks},
  booktitle = {The elements of Statistical Learning: Data Mining, Inference, and prediction},
  publisher = {Springer},
  author    = {Hastie, Trevor and Friedman, Jerome and Tisbshirani, Robert},
  year      = {2017},
  pages     = {392-397}
} 

 @inbook{goodfellow_bengio_courville_2017,
  place     = {Cambridge, MA},
  title     = {Learning XOR},
  booktitle = {Deep learning},
  publisher = {MIT Press},
  author    = {Goodfellow, Ian and Bengio, Yoshua and Courville, Aaron},
  year      = {2017},
  pages     = {172–174}
} 

@online{chollet2015keras,
  title     = {Keras},
  author    = {Chollet, Francois and others},
  year      = {2015},
  publisher = {GitHub},
  url       = {https://github.com/fchollet/keras}
}